@BOOK{BailynThermo,
  author    = {Bailyn, M.}, 
  title     = {A Survey of Thermodynamics},
  publisher = {American Institute of Physics, AIP Press},
  year      = 1994,
  address   = {Woodbury NY},
  note      = {page 79},
  isbn      = {0883187973}
}
