@ARTICLE{cite:kidd-fogg,
    author={R.B.~Kidd and S.L.~Fogg},
    title={A simple formula for the large-angle pendulum period},
    journal={Phys. Teach.},
    volume={40},
    pages={81-83},
    year={2002}
    }
%        number={16},
%        month={May},
%        url={www.aps.org},
%        note={JLab E-Library}
%	}
